<?xml version="1.0" encoding="UTF-8"?>
<collection xmlns="http://www.loc.gov/MARC21/slim">
   <record>
      <leader>00000nz  a2200000nc 4500</leader>
      <controlfield tag="001">institutions/51008146</controlfield>
      <controlfield tag="003">DE-633</controlfield>
      <controlfield tag="005">20250620052320.0</controlfield>
      <controlfield tag="008">240801||||z|||a|||||||||||||||||n||||||d</controlfield>
      <datafield tag="024" ind1="7" ind2=" ">
         <subfield code="a">313488379</subfield>
         <subfield code="2">VIAF</subfield>
      </datafield>
      <datafield tag="024" ind1="7" ind2=" ">
         <subfield code="a">Q4496334</subfield>
         <subfield code="2">WKP</subfield>
      </datafield>
      <datafield tag="024" ind1="7" ind2=" ">
         <subfield code="a">UA-CHnum</subfield>
         <subfield code="q">siglum</subfield>
         <subfield code="2">rism</subfield>
      </datafield>
      <datafield tag="034" ind1="1" ind2=" ">
         <subfield code="d">36.23208301074126</subfield>
         <subfield code="f">49.99109685591625</subfield>
      </datafield>
      <datafield tag="040" ind1=" " ind2=" ">
         <subfield code="a">DE-633</subfield>
         <subfield code="c">DE-633</subfield>
         <subfield code="e">rismg</subfield>
      </datafield>
      <datafield tag="043" ind1=" " ind2=" ">
         <subfield code="c">XA-UA</subfield>
      </datafield>
      <datafield tag="110" ind1="1" ind2=" ">
         <subfield code="a">Charkivs'kyj nacional'nyj universytet mystectv imeni Ivana Kotljarevs'koho, Biblioteka</subfield>
         <subfield code="c">Charkiv</subfield>
         <subfield code="g">UA-CHnum</subfield>
      </datafield>
      <datafield tag="368" ind1=" " ind2=" ">
         <subfield code="a">Institution</subfield>
         <subfield code="a">Library</subfield>
      </datafield>
      <datafield tag="371" ind1=" " ind2=" ">
         <subfield code="a">Majdan Konstytuciji, 11/13</subfield>
         <subfield code="b">Charkiv</subfield>
         <subfield code="d">Ukraine</subfield>
         <subfield code="e">61003</subfield>
         <subfield code="m">bka_khnum@ukr.net</subfield>
         <subfield code="u">https://numlib.kh.ua/</subfield>
         <subfield code="u">https://num.kharkiv.ua/en/</subfield>
      </datafield>
      <datafield tag="410" ind1=" " ind2=" ">
         <subfield code="a">Харківський національний університет мистецтв імені Івана Котляревського, Бібліотека</subfield>
      </datafield>
      <datafield tag="410" ind1=" " ind2=" ">
         <subfield code="a">Kharkiv National Kotlyarevsky University of Arts</subfield>
      </datafield>
      <datafield tag="410" ind1=" " ind2=" ">
         <subfield code="a">Kharkiv National I. P. Kotlyarevsky University of Arts</subfield>
      </datafield>
      <datafield tag="410" ind1=" " ind2=" ">
         <subfield code="a">Kharkiv National University of Arts named after I. P. Kotlyarevsky</subfield>
      </datafield>
      <datafield tag="410" ind1=" " ind2=" ">
         <subfield code="a">Kharkiv Conservatory</subfield>
      </datafield>
      <datafield tag="551" ind1="1" ind2=" ">
         <subfield code="a">Charkiv</subfield>
         <subfield code="0">places/50004364</subfield>
      </datafield>
      <datafield tag="680" ind1="1" ind2=" ">
         <subfield code="a">The library's collection includes rare books and sheet music from the late 19th and early 20th centuries. A separate collection of books and sheet music by I. Miklashevskyi (1882-1959) is kept, which contains many rare old editions. In total, the library has more than 200 rare and valuable items.</subfield>
      </datafield>
   </record>