
   <record>
      <leader>00000nz  a2200000nc 4500</leader>
      <controlfield tag="001">institutions/30002514</controlfield>
      <controlfield tag="003">DE-633</controlfield>
      <controlfield tag="005">20250620052013.0</controlfield>
      <controlfield tag="008">161109||||z|||a|||||||||||||||||n||||||d</controlfield>
      <datafield tag="024" ind1="7" ind2=" ">
         <subfield code="a">157584407</subfield>
         <subfield code="2">VIAF</subfield>
      </datafield>
      <datafield tag="024" ind1="7" ind2=" ">
         <subfield code="a">Q592734</subfield>
         <subfield code="2">WKP</subfield>
      </datafield>
      <datafield tag="024" ind1="7" ind2=" ">
         <subfield code="a">UA-Kan</subfield>
         <subfield code="q">siglum</subfield>
         <subfield code="2">rism</subfield>
      </datafield>
      <datafield tag="034" ind1="1" ind2=" ">
         <subfield code="d">30.518491333158767</subfield>
         <subfield code="f">50.404339225653764</subfield>
      </datafield>
      <datafield tag="040" ind1=" " ind2=" ">
         <subfield code="a">DE-633</subfield>
         <subfield code="c">DE-633</subfield>
         <subfield code="e">rismg</subfield>
      </datafield>
      <datafield tag="043" ind1=" " ind2=" ">
         <subfield code="c">XA-UA</subfield>
      </datafield>
      <datafield tag="110" ind1="1" ind2=" ">
         <subfield code="a">Nacional'na biblioteka Ukrajiny imeni V. I. Vernads'koho</subfield>
         <subfield code="c">Kyjiv</subfield>
         <subfield code="g">UA-Kan</subfield>
      </datafield>
      <datafield tag="368" ind1=" " ind2=" ">
         <subfield code="a">Institution</subfield>
         <subfield code="a">Library</subfield>
      </datafield>
      <datafield tag="371" ind1=" " ind2=" ">
         <subfield code="a">Holosijivs'kyj prospekt, 3 (Голосіївський пр., 3)</subfield>
         <subfield code="b">03039, Kyjiv (Київ)</subfield>
         <subfield code="d">Ukraine</subfield>
         <subfield code="m">service@nbuv.gov.ua</subfield>
         <subfield code="u">http://nbuv.gov.ua/</subfield>
         <subfield code="z">tel: +38 / (044) / 524-81-36</subfield>
      </datafield>
      <datafield tag="410" ind1=" " ind2=" ">
         <subfield code="a">Central'naja naučnaja biblioteka im. V. I. Vernads'koho, Nacional'noj akademii nauk Ukrajiny</subfield>
      </datafield>
      <datafield tag="510" ind1="2" ind2=" ">
         <subfield code="a">Національна бібліотека України імені В. І. Вернадського</subfield>
      </datafield>
      <datafield tag="510" ind1="2" ind2=" ">
         <subfield code="a">National Library of Ukraine Named after V. I. Vernads'koho</subfield>
      </datafield>
      <datafield tag="551" ind1="1" ind2=" ">
         <subfield code="a">Kyjiv</subfield>
         <subfield code="0">places/3903525</subfield>
      </datafield>
      <datafield tag="667" ind1=" " ind2=" ">
         <subfield code="a">Published sources: 7</subfield>
      </datafield>
   </record>