
   <record>
      <leader>00000nz  a2200000nc 4500</leader>
      <controlfield tag="001">institutions/30078247</controlfield>
      <controlfield tag="003">DE-633</controlfield>
      <controlfield tag="005">20250626115909.0</controlfield>
      <controlfield tag="008">161109||||z|||a|||||||||||||||||n||||||d</controlfield>
      <datafield tag="024" ind1="7" ind2=" ">
         <subfield code="a">157584407</subfield>
         <subfield code="2">VIAF</subfield>
      </datafield>
      <datafield tag="024" ind1="7" ind2=" ">
         <subfield code="a">Q592734</subfield>
         <subfield code="2">WKP</subfield>
      </datafield>
      <datafield tag="024" ind1="7" ind2=" ">
         <subfield code="a">UA-Knbuv</subfield>
         <subfield code="q">siglum</subfield>
         <subfield code="2">rism</subfield>
      </datafield>
      <datafield tag="034" ind1="1" ind2=" ">
         <subfield code="d">30.510800795907965</subfield>
         <subfield code="f">50.440912318795455</subfield>
      </datafield>
      <datafield tag="040" ind1=" " ind2=" ">
         <subfield code="a">DE-633</subfield>
         <subfield code="c">DE-633</subfield>
         <subfield code="e">rismg</subfield>
      </datafield>
      <datafield tag="043" ind1=" " ind2=" ">
         <subfield code="c">XA-UA</subfield>
      </datafield>
      <datafield tag="110" ind1="1" ind2=" ">
         <subfield code="a">Nacional'na biblioteka Ukrajiny imeni V. I. Vernads'koho (NBUV), viddil muzyčnych fondiv</subfield>
         <subfield code="c">Kyjiv</subfield>
         <subfield code="g">UA-Knbuv</subfield>
      </datafield>
      <datafield tag="368" ind1=" " ind2=" ">
         <subfield code="a">Institution</subfield>
         <subfield code="a">Library</subfield>
      </datafield>
      <datafield tag="371" ind1=" " ind2=" ">
         <subfield code="a">Korpus No. 2, vul. Volodimirs'ka 62, 3rd poverch, k. 305 (Корпус №2, вул. Володимирська 62, 3-й поверх, к. 305.)</subfield>
         <subfield code="b">01033, Kyjiv (Київ)</subfield>
         <subfield code="d">Ukraine</subfield>
         <subfield code="u">http://www.nbuv.gov.ua/node/66</subfield>
      </datafield>
      <datafield tag="410" ind1=" " ind2=" ">
         <subfield code="a">Національна бібліотека Української Держави (1918)</subfield>
      </datafield>
      <datafield tag="410" ind1=" " ind2=" ">
         <subfield code="a">Національна бібліотека України у місті Києві при Українській Академії Наук (1919)</subfield>
      </datafield>
      <datafield tag="410" ind1=" " ind2=" ">
         <subfield code="a">Всенародна (Національна) бібліотека України при Всеукраїнській Академії Наук у м. Києві (1919–1920)</subfield>
      </datafield>
      <datafield tag="410" ind1=" " ind2=" ">
         <subfield code="a">Всенародна бібліотека України в Києві (1920–1934)</subfield>
      </datafield>
      <datafield tag="410" ind1=" " ind2=" ">
         <subfield code="a">Державна бібліотека Всеукраїнської Академії Наук (1934–1936)</subfield>
      </datafield>
      <datafield tag="410" ind1=" " ind2=" ">
         <subfield code="a">Бібліотека Академії Наук  УРСР (1936–1948)</subfield>
      </datafield>
      <datafield tag="410" ind1=" " ind2=" ">
         <subfield code="a">Державна публічна бібліотека УРСР (1948–1965)</subfield>
      </datafield>
      <datafield tag="410" ind1=" " ind2=" ">
         <subfield code="a">Центральна наукова бібліотека АН УРСР (1965–1988)</subfield>
      </datafield>
      <datafield tag="410" ind1=" " ind2=" ">
         <subfield code="a">Центральна наукова бібліотека ім. В. І. Вернадського АН УРСР (1988–1996)</subfield>
      </datafield>
      <datafield tag="410" ind1=" " ind2=" ">
         <subfield code="a">Національна бібліотека України імені В. І. Вернадського (з 1996 р.)</subfield>
      </datafield>
      <datafield tag="510" ind1="2" ind2=" ">
         <subfield code="a">Національна бібліотека України імені В. І. Вернадського (НБУВ), відділ музичних фондів</subfield>
      </datafield>
      <datafield tag="510" ind1="2" ind2=" ">
         <subfield code="a">Vernadsky National Library of Ukraine, Music Department</subfield>
      </datafield>
      <datafield tag="510" ind1="2" ind2=" ">
         <subfield code="a">Vernadsky National Library of Ukraine Named after V. I. Vernadsky, Music Department</subfield>
      </datafield>
      <datafield tag="551" ind1="1" ind2=" ">
         <subfield code="a">Kyjiv</subfield>
         <subfield code="0">places/3903525</subfield>
      </datafield>
      <datafield tag="667" ind1=" " ind2=" ">
         <subfield code="a">Published sources: 213</subfield>
      </datafield>
      <datafield tag="678" ind1="1" ind2=" ">
         <subfield code="a">Seit ihrer Gründung im Jahre 1918 hat die ukrainische Nationalbibliothek ihren Namen zehnmal gewechselt oder wechseln müssen. Hier sind die oben angegebenen ukrainischen Namen im Deutschen widergegeben:  Nationalbibliothek des ukrainischen Staates (1918); Nationalbibliothek der Ukraine in Kiew an der Ukrainischen Akademie der Wissenschaften (1919); Die Allvolks-(National-)Bibliothek der Ukraine an der Allukrainischen Akademie der Wissenschaften in Kiew (1919–1920); Nationalbibliothek der Ukraine in Kiew (1920–1934); Staatsbibliothek der Allukrainischen Akademie der Wissenschaften (1934–1936); Bibliothek der Akademie der Wissenschaften der Ukrainischen SSR (1936–1948); Staatliche Öffentliche Bibliothek der Ukrainischen SSR (1948–1965); Zentrale Wissenschaftliche Bibliothek der Akademie der Wissenschaften der Ukrainischen SSR (1965–1988); Zentrale Wissenschaftliche Bibliothek benannt nach W. I. Wernadskij der Akademie der Wissenschaften der Ukrainischen SSR (1988–1996); V. I. Wernadskij-Nationalbibliothek der Ukraine (seit 1996).</subfield>
      </datafield>
   </record>