
   <record>
      <leader>00000nz  a2200000nc 4500</leader>
      <controlfield tag="001">institutions/30002524</controlfield>
      <controlfield tag="003">DE-633</controlfield>
      <controlfield tag="005">20250620052013.0</controlfield>
      <controlfield tag="008">161109||||z|||a|||||||||||||||||n||||||d</controlfield>
      <datafield tag="024" ind1="7" ind2=" ">
         <subfield code="a">303776185</subfield>
         <subfield code="2">VIAF</subfield>
      </datafield>
      <datafield tag="024" ind1="7" ind2=" ">
         <subfield code="a">Q1992023</subfield>
         <subfield code="2">WKP</subfield>
      </datafield>
      <datafield tag="024" ind1="7" ind2=" ">
         <subfield code="a">UA-LV</subfield>
         <subfield code="q">siglum</subfield>
         <subfield code="2">rism</subfield>
      </datafield>
      <datafield tag="034" ind1="1" ind2=" ">
         <subfield code="d">24.03233413037421</subfield>
         <subfield code="f">49.837085753950085</subfield>
      </datafield>
      <datafield tag="040" ind1=" " ind2=" ">
         <subfield code="a">DE-633</subfield>
         <subfield code="c">DE-633</subfield>
         <subfield code="e">rismg</subfield>
      </datafield>
      <datafield tag="043" ind1=" " ind2=" ">
         <subfield code="c">XA-UA</subfield>
      </datafield>
      <datafield tag="110" ind1="1" ind2=" ">
         <subfield code="a">L'vivs'ka nacional'na muzyčna akademija imeni Mykoly Lysenka, Biblioteka</subfield>
         <subfield code="c">L'viv</subfield>
         <subfield code="g">UA-LV</subfield>
      </datafield>
      <datafield tag="368" ind1=" " ind2=" ">
         <subfield code="a">Institution</subfield>
         <subfield code="a">Library</subfield>
      </datafield>
      <datafield tag="371" ind1=" " ind2=" ">
         <subfield code="a">Vul. O. Hyžankivs'koho, bud. 5 (вул. О. Нижанківського, буд. 5)</subfield>
         <subfield code="b">79000, L'viv (Львів)</subfield>
         <subfield code="d">Ukraine</subfield>
         <subfield code="m">lnma@lnma.edu.ua</subfield>
         <subfield code="m">olgaosadcia@gmail.com</subfield>
         <subfield code="u">https://lnma.edu.ua/</subfield>
         <subfield code="z">contact: Ol'ga Pavlivna Osadcja</subfield>
         <subfield code="z">tel: +38 (032) 259 07 51</subfield>
      </datafield>
      <datafield tag="410" ind1=" " ind2=" ">
         <subfield code="a">Львівська консерваторія</subfield>
      </datafield>
      <datafield tag="410" ind1=" " ind2=" ">
         <subfield code="a">Lviv Conservatory</subfield>
      </datafield>
      <datafield tag="510" ind1="2" ind2=" ">
         <subfield code="a">Львівська національна музична академія імені Миколи Лисенка, Бібліотека</subfield>
      </datafield>
      <datafield tag="510" ind1="2" ind2=" ">
         <subfield code="a">Lviv National Music Academy Named after Mykola Lysenko, Library</subfield>
      </datafield>
      <datafield tag="551" ind1="1" ind2=" ">
         <subfield code="a">L'viv</subfield>
         <subfield code="0">places/3900094</subfield>
      </datafield>
   </record>