
   <record>
      <leader>00000nz  a2200000nc 4500</leader>
      <controlfield tag="001">institutions/30006597</controlfield>
      <controlfield tag="003">DE-633</controlfield>
      <controlfield tag="005">20250620052049.0</controlfield>
      <controlfield tag="008">161109||||z|||a|||||||||||||||||n||||||d</controlfield>
      <datafield tag="024" ind1="7" ind2=" ">
         <subfield code="a">124863831</subfield>
         <subfield code="2">VIAF</subfield>
      </datafield>
      <datafield tag="024" ind1="7" ind2=" ">
         <subfield code="a">Q12168439</subfield>
         <subfield code="2">WKP</subfield>
      </datafield>
      <datafield tag="024" ind1="7" ind2=" ">
         <subfield code="a">UA-LVa</subfield>
         <subfield code="q">siglum</subfield>
         <subfield code="2">rism</subfield>
      </datafield>
      <datafield tag="034" ind1="1" ind2=" ">
         <subfield code="d">24.03486372678756</subfield>
         <subfield code="f">49.83934056992847</subfield>
      </datafield>
      <datafield tag="040" ind1=" " ind2=" ">
         <subfield code="a">DE-633</subfield>
         <subfield code="c">DE-633</subfield>
         <subfield code="e">rismg</subfield>
      </datafield>
      <datafield tag="043" ind1=" " ind2=" ">
         <subfield code="c">XA-UA</subfield>
      </datafield>
      <datafield tag="110" ind1="1" ind2=" ">
         <subfield code="a">Central'nyj Deržavnyj Istoryčnyj Archiv Ukrajiny, u m. L'vovi</subfield>
         <subfield code="c">L'viv</subfield>
         <subfield code="g">UA-LVa</subfield>
      </datafield>
      <datafield tag="368" ind1=" " ind2=" ">
         <subfield code="a">Institution</subfield>
         <subfield code="a">Library</subfield>
         <subfield code="a">Archive</subfield>
      </datafield>
      <datafield tag="371" ind1=" " ind2=" ">
         <subfield code="a">pl. Soborna, 3-a (пл. Соборна, 3-а)</subfield>
         <subfield code="b">79008, m. L'viv (м. Львів)</subfield>
         <subfield code="d">Ukraine</subfield>
         <subfield code="m">tsdial@arch.gov.ua</subfield>
         <subfield code="u">https://tsdial.archives.gov.ua/index.html</subfield>
         <subfield code="z">tel: +380 / (032) 235-45-08</subfield>
      </datafield>
      <datafield tag="510" ind1="2" ind2=" ">
         <subfield code="a">Центральний Державний Історичний Архів України, у м. Львові</subfield>
      </datafield>
      <datafield tag="510" ind1="2" ind2=" ">
         <subfield code="a">Central State Historical Archives of Ukraine in Lviv</subfield>
      </datafield>
      <datafield tag="551" ind1="1" ind2=" ">
         <subfield code="a">L'viv</subfield>
         <subfield code="0">places/3900094</subfield>
      </datafield>
   </record>