
   <record>
      <leader>00000nz  a2200000nc 4500</leader>
      <controlfield tag="001">institutions/30006650</controlfield>
      <controlfield tag="003">DE-633</controlfield>
      <controlfield tag="005">20250620052049.0</controlfield>
      <controlfield tag="008">161109||||z|||a|||||||||||||||||n||||||d</controlfield>
      <datafield tag="024" ind1="7" ind2=" ">
         <subfield code="a">UA-LVmu</subfield>
         <subfield code="q">siglum</subfield>
         <subfield code="2">rism</subfield>
      </datafield>
      <datafield tag="034" ind1="1" ind2=" ">
         <subfield code="d">24.02767748935708</subfield>
         <subfield code="f">49.837913271168766</subfield>
      </datafield>
      <datafield tag="040" ind1=" " ind2=" ">
         <subfield code="a">DE-633</subfield>
         <subfield code="c">DE-633</subfield>
         <subfield code="e">rismg</subfield>
      </datafield>
      <datafield tag="043" ind1=" " ind2=" ">
         <subfield code="c">XA-UA</subfield>
      </datafield>
      <datafield tag="110" ind1="1" ind2=" ">
         <subfield code="a">Muzej staroukrajins'koji knygy</subfield>
         <subfield code="c">L'viv</subfield>
         <subfield code="g">UA-LVmu</subfield>
      </datafield>
      <datafield tag="368" ind1=" " ind2=" ">
         <subfield code="a">Institution</subfield>
         <subfield code="a">Library</subfield>
         <subfield code="a">Museum</subfield>
      </datafield>
      <datafield tag="371" ind1=" " ind2=" ">
         <subfield code="a">vul. Kopernika, 15 (вул. Коперника, 15)</subfield>
         <subfield code="b">79000, m. L'viv (м. Львів)</subfield>
         <subfield code="d">Ukraine</subfield>
         <subfield code="u">http://lvivgallery.org.ua/museums/muzey-staroukrayinskoyi-knygy</subfield>
         <subfield code="z">tel: +38 032 261-30-12</subfield>
      </datafield>
      <datafield tag="510" ind1="2" ind2=" ">
         <subfield code="a">Музей староукраїнської книги</subfield>
      </datafield>
      <datafield tag="510" ind1="2" ind2=" ">
         <subfield code="a">Львівська Національна Галерея Мистецтв імені Бориса Возницького</subfield>
         <subfield code="w">t</subfield>
      </datafield>
      <datafield tag="510" ind1="2" ind2=" ">
         <subfield code="a">The Section of the Lviv Art Gallery - The Museum of Art of the Ancient Ukrainian Book</subfield>
      </datafield>
      <datafield tag="551" ind1="1" ind2=" ">
         <subfield code="a">L'viv</subfield>
         <subfield code="0">places/3900094</subfield>
      </datafield>
   </record>