
   <record>
      <leader>00000nz  a2200000nc 4500</leader>
      <controlfield tag="001">institutions/30005697</controlfield>
      <controlfield tag="003">DE-633</controlfield>
      <controlfield tag="005">20250620052041.0</controlfield>
      <controlfield tag="008">161109||||z|||a|||||||||||||||||n||||||d</controlfield>
      <datafield tag="024" ind1="7" ind2=" ">
         <subfield code="a">149762227</subfield>
         <subfield code="2">VIAF</subfield>
      </datafield>
      <datafield tag="024" ind1="7" ind2=" ">
         <subfield code="a">Q958032</subfield>
         <subfield code="2">WKP</subfield>
      </datafield>
      <datafield tag="024" ind1="7" ind2=" ">
         <subfield code="a">UA-LVs</subfield>
         <subfield code="q">siglum</subfield>
         <subfield code="2">rism</subfield>
      </datafield>
      <datafield tag="034" ind1="1" ind2=" ">
         <subfield code="d">24.026018779930173</subfield>
         <subfield code="f">49.83620499601414</subfield>
      </datafield>
      <datafield tag="040" ind1=" " ind2=" ">
         <subfield code="a">DE-633</subfield>
         <subfield code="c">DE-633</subfield>
         <subfield code="e">rismg</subfield>
      </datafield>
      <datafield tag="043" ind1=" " ind2=" ">
         <subfield code="c">XA-UA</subfield>
      </datafield>
      <datafield tag="110" ind1="1" ind2=" ">
         <subfield code="a">L'vivs'ka nacional'na naukova biblioteka Ukrajiny imeni V. Stefanyka</subfield>
         <subfield code="c">L'viv</subfield>
         <subfield code="g">UA-LVs</subfield>
      </datafield>
      <datafield tag="368" ind1=" " ind2=" ">
         <subfield code="a">Institution</subfield>
         <subfield code="a">Library</subfield>
      </datafield>
      <datafield tag="371" ind1=" " ind2=" ">
         <subfield code="a">Vul. Bibliotečna, 2 (вул. Бібліотечна, 2)</subfield>
         <subfield code="b">79000, m. L'viv (м. Львів)</subfield>
         <subfield code="d">Ukraine</subfield>
         <subfield code="m">library@lsl.lviv.ua</subfield>
         <subfield code="m">fvvz@ukr.net</subfield>
         <subfield code="m">oklarysa@gmail.com</subfield>
         <subfield code="u">https://www.lsl.lviv.ua/index.php/uk/golovna2/</subfield>
         <subfield code="u">http://www.lsl.lviv.ua/index.php/uk/pro-biblioteku/struktura-biblioteki/instytut-doslidzhen-bibliotechnyh-mystetskyh-resursiv/</subfield>
         <subfield code="z">contact: director Vasyl Fershtei (fvvz@ukr.net)</subfield>
         <subfield code="z">contact: Larysa Kupchynska (oklarysa@gmail.com)</subfield>
         <subfield code="z">tel: +380 / (032) / 261-63-72 (Vasyl Fershtei)</subfield>
         <subfield code="z">tel: +380 / (032) / 261-55-20 (Larysa Kupchynska)</subfield>
      </datafield>
      <datafield tag="410" ind1=" " ind2=" ">
         <subfield code="a">Інститут досліджень бібліотечних мистецьких ресурсів</subfield>
      </datafield>
      <datafield tag="410" ind1=" " ind2=" ">
         <subfield code="a">відділ наукових досліджень творів образотворчого та музичного мистецтва</subfield>
      </datafield>
      <datafield tag="410" ind1=" " ind2=" ">
         <subfield code="a">Instytut doslidžen' bibliotečnych mystec'kych resursiv</subfield>
      </datafield>
      <datafield tag="410" ind1=" " ind2=" ">
         <subfield code="a">Viddil naukovych doslidžen' tvoriv obrazotvorčoho ta muzyčnoho mistectva</subfield>
      </datafield>
      <datafield tag="410" ind1=" " ind2=" ">
         <subfield code="a">L'viv Stefanyk Scientific Library</subfield>
      </datafield>
      <datafield tag="410" ind1=" " ind2=" ">
         <subfield code="a">Instytut Ossolińskiego</subfield>
      </datafield>
      <datafield tag="410" ind1=" " ind2=" ">
         <subfield code="a">Biblioteka Publiczna fundacji M. Ossolińskiego</subfield>
      </datafield>
      <datafield tag="510" ind1="2" ind2=" ">
         <subfield code="a">Львівська національна наукова бібліотека України імені В. Стефаника</subfield>
      </datafield>
      <datafield tag="510" ind1="2" ind2=" ">
         <subfield code="a">L'viv National Scientific Library of Ukraine Named after V. Stefanyk</subfield>
      </datafield>
      <datafield tag="551" ind1="1" ind2=" ">
         <subfield code="a">L'viv</subfield>
         <subfield code="0">places/3900094</subfield>
      </datafield>
      <datafield tag="667" ind1=" " ind2=" ">
         <subfield code="a">Published sources: 174</subfield>
      </datafield>
   </record>