
   <record>
      <leader>00000nz  a2200000nc 4500</leader>
      <controlfield tag="001">institutions/30006358</controlfield>
      <controlfield tag="003">DE-633</controlfield>
      <controlfield tag="005">20250620052047.0</controlfield>
      <controlfield tag="008">161109||||z|||a|||||||||||||||||n||||||d</controlfield>
      <datafield tag="024" ind1="7" ind2=" ">
         <subfield code="a">165272567</subfield>
         <subfield code="2">VIAF</subfield>
      </datafield>
      <datafield tag="024" ind1="7" ind2=" ">
         <subfield code="a">Q19057116</subfield>
         <subfield code="2">WKP</subfield>
      </datafield>
      <datafield tag="024" ind1="7" ind2=" ">
         <subfield code="a">UA-LVu</subfield>
         <subfield code="q">siglum</subfield>
         <subfield code="2">rism</subfield>
      </datafield>
      <datafield tag="034" ind1="1" ind2=" ">
         <subfield code="d">24.030642382892278</subfield>
         <subfield code="f">49.83408764969975</subfield>
      </datafield>
      <datafield tag="040" ind1=" " ind2=" ">
         <subfield code="a">DE-633</subfield>
         <subfield code="c">DE-633</subfield>
         <subfield code="e">rismg</subfield>
      </datafield>
      <datafield tag="043" ind1=" " ind2=" ">
         <subfield code="c">XA-UA</subfield>
      </datafield>
      <datafield tag="110" ind1="1" ind2=" ">
         <subfield code="a">Naukova Biblioteka L'vivs'koho nacional'noho universytetu imeni Ivana Franka</subfield>
         <subfield code="c">L'viv</subfield>
         <subfield code="g">UA-LVu</subfield>
      </datafield>
      <datafield tag="368" ind1=" " ind2=" ">
         <subfield code="a">Institution</subfield>
         <subfield code="a">Library</subfield>
      </datafield>
      <datafield tag="371" ind1=" " ind2=" ">
         <subfield code="a">Vul. Drahomanova, 5 (вул. Драгоманова, 5)</subfield>
         <subfield code="b">79601, L'viv (Львів)</subfield>
         <subfield code="d">Ukraine</subfield>
         <subfield code="m">library@lnu.edu.ua</subfield>
         <subfield code="m">oleksandr.sedlyar@lnu.edu.ua</subfield>
         <subfield code="u">https://lnulibrary.lviv.ua/</subfield>
         <subfield code="z">contact: Oleksandr Sedlyar</subfield>
         <subfield code="z">tel. and fax: +380 / (032) / 275–60–01</subfield>
      </datafield>
      <datafield tag="510" ind1="2" ind2=" ">
         <subfield code="a">Наукова бібліотека Львівського національного університету імені Івана Франка</subfield>
      </datafield>
      <datafield tag="510" ind1="2" ind2=" ">
         <subfield code="a">Scientific Library of the Ivan Franko National University of Lviv</subfield>
      </datafield>
      <datafield tag="551" ind1="1" ind2=" ">
         <subfield code="a">L'viv</subfield>
         <subfield code="0">places/3900094</subfield>
      </datafield>
      <datafield tag="667" ind1=" " ind2=" ">
         <subfield code="a">Published sources: 302</subfield>
      </datafield>
   </record>