
   <record>
      <leader>00000nz  a2200000nc 4500</leader>
      <controlfield tag="001">institutions/30002531</controlfield>
      <controlfield tag="003">DE-633</controlfield>
      <controlfield tag="005">20250620052013.0</controlfield>
      <controlfield tag="008">161109||||z|||a|||||||||||||||||n||||||d</controlfield>
      <datafield tag="024" ind1="7" ind2=" ">
         <subfield code="a">Q4331411</subfield>
         <subfield code="2">WKP</subfield>
      </datafield>
      <datafield tag="024" ind1="7" ind2=" ">
         <subfield code="a">UA-O</subfield>
         <subfield code="q">siglum</subfield>
         <subfield code="2">rism</subfield>
      </datafield>
      <datafield tag="034" ind1="1" ind2=" ">
         <subfield code="d">30.72502649109366</subfield>
         <subfield code="f">46.482900683924775</subfield>
      </datafield>
      <datafield tag="040" ind1=" " ind2=" ">
         <subfield code="a">DE-633</subfield>
         <subfield code="c">DE-633</subfield>
         <subfield code="e">rismg</subfield>
      </datafield>
      <datafield tag="043" ind1=" " ind2=" ">
         <subfield code="c">XA-UA</subfield>
      </datafield>
      <datafield tag="110" ind1="1" ind2=" ">
         <subfield code="a">Odes'ka nacional'na muzyčna akademija imeni A. V. Neždanovoji (ONMA), Biblioteka</subfield>
         <subfield code="c">Odesa</subfield>
         <subfield code="g">UA-O</subfield>
      </datafield>
      <datafield tag="368" ind1=" " ind2=" ">
         <subfield code="a">Institution</subfield>
         <subfield code="a">Library</subfield>
      </datafield>
      <datafield tag="371" ind1=" " ind2=" ">
         <subfield code="a">vul. Novosel's'koho, 63 (вул. Новосельського, 63)</subfield>
         <subfield code="b">Odesa (Одеса)</subfield>
         <subfield code="d">Ukraine</subfield>
         <subfield code="m">muse@odma.edu.ua</subfield>
         <subfield code="u">https://odma.edu.ua/</subfield>
         <subfield code="z">tel: +380 / (048) 726-78-76</subfield>
      </datafield>
      <datafield tag="410" ind1=" " ind2=" ">
         <subfield code="a">Одеська консерваторія</subfield>
      </datafield>
      <datafield tag="410" ind1=" " ind2=" ">
         <subfield code="a">Odes'ka konservatorija</subfield>
      </datafield>
      <datafield tag="410" ind1=" " ind2=" ">
         <subfield code="a">Odessa Conservatory</subfield>
      </datafield>
      <datafield tag="510" ind1="2" ind2=" ">
         <subfield code="a">Одеська національна музична академія імені А. В. Нежданової (ОНМА), Бібліотека</subfield>
      </datafield>
      <datafield tag="510" ind1="2" ind2=" ">
         <subfield code="a">Odessa National Music Academy Named after A. V. Nezhdanova (ONMA), Library</subfield>
      </datafield>
      <datafield tag="551" ind1="1" ind2=" ">
         <subfield code="a">Odesa</subfield>
         <subfield code="0">places/3902433</subfield>
      </datafield>
   </record>