
   <record>
      <leader>00000nz  a2200000nc 4500</leader>
      <controlfield tag="001">institutions/51007034</controlfield>
      <controlfield tag="003">DE-633</controlfield>
      <controlfield tag="005">20250620052312.0</controlfield>
      <controlfield tag="008">230120||||z|||a|||||||||||||||||n||||||d</controlfield>
      <datafield tag="024" ind1="7" ind2=" ">
         <subfield code="a">139869756</subfield>
         <subfield code="2">VIAF</subfield>
      </datafield>
      <datafield tag="024" ind1="7" ind2=" ">
         <subfield code="a">Q12100412</subfield>
         <subfield code="2">WKP</subfield>
      </datafield>
      <datafield tag="024" ind1="7" ind2=" ">
         <subfield code="a">UA-Tda</subfield>
         <subfield code="q">siglum</subfield>
         <subfield code="2">rism</subfield>
      </datafield>
      <datafield tag="034" ind1="1" ind2=" ">
         <subfield code="d">25.583074933500097</subfield>
         <subfield code="f">49.540602281912086</subfield>
      </datafield>
      <datafield tag="040" ind1=" " ind2=" ">
         <subfield code="a">DE-633</subfield>
         <subfield code="c">DE-633</subfield>
         <subfield code="e">rismg</subfield>
      </datafield>
      <datafield tag="043" ind1=" " ind2=" ">
         <subfield code="c">XA-UA</subfield>
      </datafield>
      <datafield tag="110" ind1="1" ind2=" ">
         <subfield code="a">Deržavnyj archiv ternopil'ckoji oblasti</subfield>
         <subfield code="c">Ternopil'</subfield>
         <subfield code="g">UA-Tda</subfield>
      </datafield>
      <datafield tag="368" ind1=" " ind2=" ">
         <subfield code="a">Institution</subfield>
         <subfield code="a">Library</subfield>
         <subfield code="a">Archive</subfield>
      </datafield>
      <datafield tag="371" ind1=" " ind2=" ">
         <subfield code="a">вул. Карпенка, 2</subfield>
         <subfield code="a">vul. Karpenka, 2</subfield>
         <subfield code="b">46018 м. Тернопіль</subfield>
         <subfield code="b">46018 m. Ternopil'</subfield>
         <subfield code="c">Ternopil'c'ka oblast'</subfield>
         <subfield code="d">Ukraine</subfield>
         <subfield code="m">archive_te@arch.gov.ua</subfield>
         <subfield code="u">https://te.archives.gov.ua/index.php</subfield>
         <subfield code="z">tel: +380 / 352 / 52-44-95</subfield>
      </datafield>
      <datafield tag="510" ind1="2" ind2=" ">
         <subfield code="a">Державний архів тернопільської області</subfield>
      </datafield>
      <datafield tag="510" ind1="2" ind2=" ">
         <subfield code="a">State Archive of Ternopil Oblast</subfield>
      </datafield>
      <datafield tag="551" ind1="1" ind2=" ">
         <subfield code="a">Ternopil'</subfield>
         <subfield code="0">places/11271</subfield>
      </datafield>
   </record>
</collection>
